@article{hannart2016,
author = "Hannart \tit{et al}, A",
title = "{\tit{DADA: data assimilation for the detection and attribution of weather and climate-related events}}",
journal = "\textup{\textbf{\tit{Climatic Change}}} \href{https://doi.org/10.1007/s10584-016-1595-3}{\ExternalLink}",
volume = "136",
number = "2",
pages =  "155--174",
year = "2016",
}

@article{carrassi2018,
author = "Carrassi \tit{et al}, A",
title = "{\tit{Data assimilation in the geosciences: An overview of methods, issues, and perspectives}}",
journal = "\textup{\textbf{\tit{WIREs Climate Change}}} \href{https://doi.org/10.1002/wcc.535}{\ExternalLink}",
volume = "9",
number = "5",
pages =  "e535",
year = "2018",
}

@article{penny2019,
author = "Penny \tit{et al}, S G",
title = "{\tit{Data assimilation in the geosciences: An overview of methods, issues, and perspectives}}",
journal = "\textup{\textbf{\tit{Journal of Advances in Modeling Earth Systems}}} \href{https://doi.org/10.1029/2019MS001652}{\ExternalLink}",
volume = "11",
number = "6",
pages =  "1803--1829",
year = "2019",
}

@article{tondeur2019,
author = "Tondeur \tit{et al}, M",
title = "{\tit{On temporal scale separation in coupled data assimilation with the ensemble Kalman filter}}",
journal = "\textup{\textbf{\tit{submission in progress}}} \href{https://theuselessweb.com/}{\ExternalLink}",
volume = "--",
number = "--",
pages =  "--",
year = "2019",
}

@article{lu2015a,
author = "Lu \tit{et al}, F",
title = "{\tit{Strongly Coupled Data Assimilation Using Leading Averaged Coupled Covariance (LACC). Part I: Simple Model Study}}",
journal = "\textup{\textbf{\tit{Mon. Wea. Rev.}}} \href{https://doi.org/10.1175/MWR-D-14-00322.1}{\ExternalLink}",
volume = "143",
number = "--",
pages =  "3823--3837",
year = "2015",
}

@article{lu2015b,
author = "Lu \tit{et al}, F",
title = "{\tit{Strongly Coupled Data Assimilation Using Leading Averaged Coupled Covariance (LACC). Part II: CGCM Experiments}}",
journal = "\textup{\textbf{\tit{Mon. Wea. Rev.}}} \href{https://doi.org/10.1175/MWR-D-15-0088.1}{\ExternalLink}",
volume = "143",
number = "--",
pages =  "4645--4659",
year = "2015",
}

@article{barsugli1998,
author = "Barsugli, J J and Battisti, D S",
title = "{\tit{Strongly Coupled Data Assimilation Using Leading Averaged Coupled Covariance (LACC). Part II: CGCM Experiments}}",
journal = "\textup{\textbf{\tit{J. Atmos. Sci}}} \href{https://doi.org/10.1175/1520-0469(1998)055<0477:TBEOAO>2.0.CO;2}{\ExternalLink}",
volume = "55",
number = "--",
pages =  "477--493",
year = "1998",
}

@article{penny2017,
author = "Penny, S G and Hamill, T M",
title = "{\tit{Strongly Coupled Data Assimilation for Integrated Earth System Analysis and Prediction}}",
journal = "\textup{\textbf{\tit{Bull. Amer. Meteor. Soc.}}} \href{https://doi.org/10.1175/BAMS-D-17-0036.1}{\ExternalLink}",
volume = "98",
number = "--",
pages =  "ES169â€“ES172",
year = "2017",
}